@book{tj-chung,
  title={Computational fluid dynamics},
  author={Chung, TJ},
  year={2010},
  publisher={Cambridge university press},
  edition={segunda}
}
